
@inproceedings{Berman:1989:AOD:646243.681443,
 author = {Berman, Piotr and Garay, Juan A.},
 title = {Asymptotically Optimal Distributed Consensus (Extended Abstract)},
 booktitle = {Proceedings of the 16th International Colloquium on Automata, Languages and Programming},
 series = {ICALP '89},
 year = {1989},
 isbn = {3-540-51371-X},
 pages = {80--94},
 numpages = {15},
 url = {http://dl.acm.org/citation.cfm?id=646243.681443},
 acmid = {681443},
 publisher = {Springer-Verlag},
 address = {London, UK, UK},
} 

@inproceedings{Berman:1989:TOD:1398514.1398724,
 author = {Berman, P. and Garay, J. A. and Perry, K. J.},
 title = {Towards Optimal Distributed Consensus},
 booktitle = {Proceedings of the 30th Annual Symposium on Foundations of Computer Science},
 series = {SFCS '89},
 year = {1989},
 isbn = {0-8186-1982-1},
 pages = {410--415},
 numpages = {6},
 url = {https://doi.org/10.1109/SFCS.1989.63511},
 doi = {10.1109/SFCS.1989.63511},
 acmid = {1398724},
 publisher = {IEEE Computer Society},
 address = {Washington, DC, USA},
 keywords = {polynomial time, message exchange, optimal distributed consensus, distributed consensus protocol, protocol, intermediate quality parameters},
} 